microslides.bib

@article{Master-Economist,
 ISSN = {00130133, 14680297},
 URL = {http://www.jstor.org/stable/2222645},
 author = {J. M. Keynes},
 journal = {The Economic Journal},
 number = {135},
 pages = {311--372},
 publisher = {[Royal Economic Society, Wiley]},
 title = {Alfred Marshall, 1842-1924},
 urldate = {2024-01-23},
 volume = {34},
 year = {1924}
}

